<?xml version="1.0" encoding="utf-8"?>
<record xmlns="http://www.loc.gov/MARC21/slim" xmlns:xsi="http://www.w3.org/2001/XMLSchema-instance" xsi:schemaLocation="http://www.loc.gov/MARC21/slim http://www.loc.gov/standards/marcxml/schema/MARC21slim.xsd">
	<leader>     nam a22     Mi 4500</leader>
	<controlfield tag="001">b14494735</controlfield>
	<controlfield tag="003">UaCaAUL</controlfield>
	<controlfield tag="006">m        d        </controlfield>
	<controlfield tag="007">cr cn |||m|||a</controlfield>
	<controlfield tag="008">191028s1929    xx h    o    f000 0 arar </controlfield>
	<datafield ind1=" " ind2=" " tag="040">
		<subfield code="a">ZYU</subfield>
		<subfield code="b">ara</subfield>
		<subfield code="e">rda</subfield>
		<subfield code="c">ZYU</subfield>
	</datafield>
	<datafield ind1=" " ind2=" " tag="090">
		<subfield code="a">BP195.I3</subfield>
		<subfield code="b">A87 1929</subfield>
	</datafield>
	<datafield ind1="1" ind2=" " tag="100">
		<subfield code="6">880-01</subfield>
		<subfield code="a">Aṭṭafayyish, Muḥammad ibn Yūsuf,</subfield>
		<subfield code="d">1820 or 1821-1914.</subfield>
	</datafield>
	<datafield ind1="1" ind2="0" tag="245">
		<subfield code="6">880-02</subfield>
		<subfield code="a">Shāmil al-aṣl wa-al-farʻ /</subfield>
		<subfield code="c">taʼlīf Quṭb al-Aʼimmah al-shaykh Muḥammad ibn Yūsuf Aṭṭafayyish raḥimahu allāh (1236-1332).</subfield>
	</datafield>
	<datafield ind1=" " ind2="1" tag="264">
		<subfield code="6">880-03</subfield>
		<subfield code="a">Miṣr :</subfield>
		<subfield code="b">iltazam ṭabʻihi wa-taṣḥīḥih Abū Isḥāq Ibrāhīm Aṭfīsh al-Jazāʼirī al-Mīzābī,</subfield>
		<subfield code="c">1348 [1929].</subfield>
	</datafield>
	<datafield ind1=" " ind2=" " tag="300">
		<subfield code="a">online resource (2 volumes) :</subfield>
		<subfield code="b">facsimiles</subfield>
	</datafield>
	<datafield ind1=" " ind2=" " tag="336">
		<subfield code="a">text</subfield>
		<subfield code="2">rdacontent</subfield>
	</datafield>
	<datafield ind1=" " ind2=" " tag="337">
		<subfield code="a">computer</subfield>
		<subfield code="2">rdamedia</subfield>
	</datafield>
	<datafield ind1=" " ind2=" " tag="338">
		<subfield code="a">online resource</subfield>
		<subfield code="2">rdacarrier</subfield>
	</datafield>
	<datafield ind1=" " ind2=" " tag="500">
		<subfield code="a">Qāl al-muṣannif: wa-innamā allaftuhu baʻd an balaght darajat al-ijtihād.</subfield>
	</datafield>
	<datafield ind1=" " ind2=" " tag="500">
		<subfield code="a">Part of the Arabic Collections Online (ACO) project, contributed by American University in Cairo Library.</subfield>
	</datafield>
	<datafield ind1=" " ind2=" " tag="533">
		<subfield code="a">Electronic reproduction.</subfield>
		<subfield code="b">New York, N.Y. :</subfield>
		<subfield code="c">New York University,</subfield>
		<subfield code="d">2019.</subfield>
		<subfield code="5">NNU</subfield>
	</datafield>
	<datafield ind1=" " ind2="0" tag="650">
		<subfield code="a">Ibadites.</subfield>
	</datafield>
	<datafield ind1=" " ind2="7" tag="650">
		<subfield code="a">Ibadites.</subfield>
		<subfield code="2">fast</subfield>
		<subfield code="0">(OCoLC)fst00966443</subfield>
	</datafield>
	<datafield ind1="2" ind2=" " tag="710">
		<subfield code="a">American University in Cairo.</subfield>
		<subfield code="b">Library.</subfield>
	</datafield>
	<datafield ind1="0" ind2=" " tag="730">
		<subfield code="a">Arabic Collections Online.</subfield>
	</datafield>
	<datafield ind1="0" ind2="8" tag="776">
		<subfield code="i">Print version:</subfield>
		<subfield code="a">Aṭṭafayyish, Muḥammad ibn Yūsuf, 1820 or 1821-1914.</subfield>
		<subfield code="t">Shāmil al-aṣl wa-al-farʻ</subfield>
		<subfield code="w">(UaCaAUL)b14494735</subfield>
		<subfield code="w">(OCoLC)1027093737</subfield>
	</datafield>
	<datafield ind1="4" ind2="0" tag="856">
		<subfield code="u">http://hdl.handle.net/2333.1/7wm37zrm</subfield>
	</datafield>
	<datafield ind1="1" ind2=" " tag="880">
		<subfield code="6">100-01</subfield>
		<subfield code="a">اطفيش، محمد بن يوسف،</subfield>
		<subfield code="d">1820 or 1821-1914.</subfield>
	</datafield>
	<datafield ind1="1" ind2="0" tag="880">
		<subfield code="6">245-02</subfield>
		<subfield code="a">شامل الأصل والفرع /</subfield>
		<subfield code="c">تأليف قطب الأئمة الشيخ محمد بن يوسف أطفيش رحمه الله (1236-1332).</subfield>
	</datafield>
	<datafield ind1=" " ind2="1" tag="880">
		<subfield code="6">264-03</subfield>
		<subfield code="a">مصر :</subfield>
		<subfield code="b">التزم طبعه وتصحيحه أبو إسحاق إبراهيم أطفيش الجزائري الميزابي،</subfield>
		<subfield code="c">1348 [1929].</subfield>
	</datafield>
	<datafield ind1=" " ind2=" " tag="959">
		<subfield code="a">NNU</subfield>
		<subfield code="b">WEB</subfield>
		<subfield code="c">GENI</subfield>
		<subfield code="t">0</subfield>
		<subfield code="m">Electronic access</subfield>
		<subfield code="s">01</subfield>
	</datafield>
	<datafield ind1=" " ind2=" " tag="999">
		<subfield code="i">UaCaAUL_b14494735</subfield>
		<subfield code="o">(OCoLC)on1027093737</subfield>
		<subfield code="s">auc_aco000678:v.1</subfield>
		<subfield code="s">auc_aco000679:v.2</subfield>
		<subfield code="s">auc_aco000678:v.1</subfield>
		<subfield code="s">auc_aco000679:v.2</subfield>
	</datafield>
</record>
